@book{diniz09,
	author = "Maria Helena Diniz",
	title = "Curso de Direito Civil Brasileiro",
	year = "2009",
}
@book{spereira78,
	author = "Caio M. {Silva Pereira}",
	title = "Instituições de Direito Civil",
	year = "1978",
	publisher = "Forense",
	address = "Rio de Janeiro",
	volume = "3"
}
@book{bevilaqua72,
	author = "Clóvis Bevilaqua",
	title = "Teoria Geral do Direito Civil",
	year = "1972",
	edition = "4"
}
@book{bevilaqua46,
	author = "Clóvis Bevilaqua",
	title = "Código Civil Comentado",
	year = "1946",
	edition = "7",
	volume="4"
}
@book{bevilaqua30,
	author = "Clóvis Bevilaqua",
	title = "Soluções Práticas em Direito",
	year = "1930",
	volume = "3"
}
@book{bevilaqua,
	author = "Clóvis Bevilaqua",
	title = "Direto das Obrigações",
	edition = "9",
}
@book{rocha,
	author = "Manuel António Coelho da Rocha",
	title = "Instituições de Direito Civil",
	year = "1917",
	publisher = "Clássica",
	address = "Lisboa"
}
@book{semola03,
	author = "Marcos Sêmola",
	title = "Gestão da Segurança da Informação",
	year = "2003",
	publisher = "Campus",
	address = "São Paulo"
}
@book{oliveira01,
	author = "Wilson José Oliveira",
	title = "Segurança da Informação - Técnicas e Soluções",
	year = "2001",
	publisher = "Campus",
	address = "São Paulo"
}
@manual{iso17799,
	author = "Associação Brasileira de Normas Técnicas",
	title = "NBR ISO/IEC 17799: Tecnologia da Informação - Código de prática
		para a gestão de segurança da informação",
	year = "2001",
	address = "Rio de Janeiro"
}
@MISC{website:ms-tech,
	AUTHOR = "{Microsoft Technet}",
	TITLE = "Academia latino-americana de segurança da informação",
	MONTH = "Outubro",
	YEAR = "2009",
	HOWPUBLISHED = "\url{http://www.technetbrasil.com.br}"
}
